<record><leader>00000cas a22000007a 4500</leader><controlfield tag="001">46429687</controlfield><controlfield tag="008">010312d19571961azucr ne      0   a0eng d</controlfield><datafield ind1=" " ind2=" " tag="010"><subfield code="a">sn2001060029</subfield></datafield><datafield ind1=" " ind2=" " tag="040"><subfield code="a">ANN</subfield><subfield code="b">eng</subfield><subfield code="c">ANN</subfield><subfield code="d">OCLCF</subfield><subfield code="d">OCLCO</subfield></datafield><datafield ind1="1" ind2=" " tag="029"><subfield code="a">AU@</subfield><subfield code="b">000022506460</subfield></datafield><datafield ind1=" " ind2=" " tag="042"><subfield code="a">msc</subfield></datafield><datafield ind1=" " ind2=" " tag="043"><subfield code="a">n-us-az</subfield></datafield><datafield ind1="0" ind2="0" tag="245"><subfield code="a">Cave Creek vacuum cleaner.</subfield></datafield><datafield ind1="0" ind2="0" tag="246"><subfield code="a">Vacuum cleaner</subfield></datafield><datafield ind1=" " ind2=" " tag="260"><subfield code="a">Cave Creek, Ariz. :</subfield><subfield code="b">Cave Creek Mother's Club,</subfield></datafield><datafield ind1=" " ind2=" " tag="300"><subfield code="a">v. ; 35 cm.</subfield></datafield><datafield ind1=" " ind2=" " tag="310"><subfield code="a">Semimonthly</subfield></datafield><datafield ind1="0" ind2=" " tag="362"><subfield code="a">No. 1 (Oct. 19, 1957)-</subfield></datafield><datafield ind1="1" ind2=" " tag="362"><subfield code="a">Ceased in 1961.</subfield></datafield><datafield ind1=" " ind2=" " tag="515"><subfield code="a">Numbering slightly irregular.</subfield></datafield><datafield ind1=" " ind2="0" tag="651"><subfield code="a">Cave Creek (Ariz.)</subfield><subfield code="v">Newspapers.</subfield></datafield><datafield ind1=" " ind2="0" tag="651"><subfield code="a">Maricopa County (Ariz.)</subfield><subfield code="v">Newspapers.</subfield></datafield><datafield ind1=" " ind2="7" tag="655"><subfield code="a">Newspapers.</subfield><subfield code="2">fast</subfield><subfield code="0">(OCoLC)fst01423814</subfield></datafield><datafield ind1=" " ind2="7" tag="651"><subfield code="a">Arizona</subfield><subfield code="z">Cave Creek.</subfield><subfield code="2">fast</subfield><subfield code="0">(OCoLC)fst01238279</subfield></datafield><datafield ind1=" " ind2="7" tag="651"><subfield code="a">Arizona</subfield><subfield code="z">Maricopa County.</subfield><subfield code="2">fast</subfield><subfield code="0">(OCoLC)fst01217111</subfield></datafield><datafield ind1=" " ind2=" " tag="752"><subfield code="a">United States</subfield><subfield code="b">Arizona</subfield><subfield code="c">Maricopa</subfield><subfield code="d">Cave Creek.</subfield></datafield><datafield ind1="0" ind2="0" tag="785"><subfield code="t">Black Mountain news</subfield><subfield code="w">(DLC)sn 94050882</subfield></datafield></record>